<record><leader>00000cas a22000007a 4500</leader><controlfield tag="001">10897636</controlfield><controlfield tag="008">840628d18971901mtuwr ne      0    0eng d</controlfield><datafield ind1=" " ind2=" " tag="010"><subfield code="a">sn 84036102 </subfield></datafield><datafield ind1=" " ind2=" " tag="040"><subfield code="a">MTL</subfield><subfield code="b">eng</subfield><subfield code="c">MTL</subfield><subfield code="d">OCLCQ</subfield></datafield><datafield ind1=" " ind2=" " tag="042"><subfield code="a">msc</subfield></datafield><datafield ind1="0" ind2="0" tag="245"><subfield code="a">Big Timber express.</subfield></datafield><datafield ind1=" " ind2=" " tag="260"><subfield code="a">Big Timber, Mont. :</subfield><subfield code="b">W. Aitken,</subfield><subfield code="c">1897-1901.</subfield></datafield><datafield ind1=" " ind2=" " tag="300"><subfield code="a">4 v. :</subfield><subfield code="b">ill.</subfield></datafield><datafield ind1=" " ind2=" " tag="310"><subfield code="a">Weekly</subfield></datafield><datafield ind1="0" ind2=" " tag="362"><subfield code="a">Vol. 1, no. 38 (June 12, 1897)-v. 6, no. 21 (Mar. 2, 1901).</subfield></datafield><datafield ind1=" " ind2=" " tag="752"><subfield code="a">United States</subfield><subfield code="b">Montana</subfield><subfield code="c">Sweet Grass</subfield><subfield code="d">Big Timber.</subfield></datafield><datafield ind1="0" ind2="0" tag="780"><subfield code="t">Express (Big Timber, Mont.)</subfield><subfield code="w">(DLC)sn 84036101</subfield></datafield></record>